<?xml version="1.0" encoding="UTF-8" ?>
<collection xmlns:xsi="http://www.w3.org/2001/XMLSchema-instance"
    xsi:schemaLocation="http://www.loc.gov/MARC21/slim
        http://www.loc.gov/standards/marcxml/schema/MARC21slim.xsd"
    xmlns="http://www.loc.gov/MARC21/slim">
<record>
  <leader>00262cam a2200505 ia4500</leader>
  <controlfield tag="001">b12340479</controlfield>
  <controlfield tag="003">LeBAU</controlfield>
  <controlfield tag="005">20140220</controlfield>
  <controlfield tag="008">970210m19331934ua            ||0 0 ara d</controlfield>
  <datafield tag="035" ind1=" " ind2=" ">
    <subfield code="a">ocm30494633 </subfield>
  </datafield>
  <datafield tag="040" ind1=" " ind2=" ">
    <subfield code="a">LEAUB</subfield>
    <subfield code="b">ara</subfield>
    <subfield code="e">rda</subfield>
    <subfield code="c">LEAUB</subfield>
    <subfield code="d">LEAUB</subfield>
  </datafield>
  <datafield tag="082" ind1="0" ind2="4">
    <subfield code="a">297.08</subfield>
    <subfield code="2">20</subfield>
  </datafield>
  <datafield tag="100" ind1="1" ind2=" ">
    <subfield code="6">880-01</subfield>
    <subfield code="a">Haythamī, Nūr al-Dīn ʻAlī ibn Abī Bakr,</subfield>
    <subfield code="d">1335-1405,</subfield>
    <subfield code="e">author.</subfield>
  </datafield>
  <datafield tag="245" ind1="1" ind2="0">
    <subfield code="6">880-02</subfield>
    <subfield code="a">Majma‘ al-zawā’id wa-manba‘ al-fawā’id /</subfield>
    <subfield code="c">lil-ḥāfiẓ Nūr al-Dīn ‘Alī ibn Abī Bakr al-Haythamī al-mutawaffá sanat 807 ; bi-taḥrīr al-ḥāfiẓayn al-jalīlayn al-‘Irāqī wa-ibn Ḥajar.</subfield>
  </datafield>
  <datafield tag="264" ind1=" " ind2="1">
    <subfield code="6">880-03</subfield>
    <subfield code="a">al-Qāhirah :</subfield>
    <subfield code="b">Maktabat al-Qudsī,</subfield>
    <subfield code="c">1352-1353 H., [1933-1934? M.]</subfield>
  </datafield>
  <datafield tag="300" ind1=" " ind2=" ">
    <subfield code="6">880-04</subfield>
    <subfield code="a">10 volumes ;</subfield>
    <subfield code="c">24 cm</subfield>
  </datafield>
  <datafield tag="336" ind1=" " ind2=" ">
    <subfield code="a">text</subfield>
    <subfield code="b">txt</subfield>
    <subfield code="2">rdacontent</subfield>
  </datafield>
  <datafield tag="337" ind1=" " ind2=" ">
    <subfield code="a">unmediated</subfield>
    <subfield code="b">n</subfield>
    <subfield code="2">rdamedia</subfield>
  </datafield>
  <datafield tag="338" ind1=" " ind2=" ">
    <subfield code="a">volume</subfield>
    <subfield code="b">nc</subfield>
    <subfield code="2">rdacarrier</subfield>
  </datafield>
  <datafield tag="500" ind1=" " ind2=" ">
    <subfield code="a">"عن نسخة الأستاذ الجليل حافظ أفندي أحمد مع المقابلة بنسخة دار الكتب المصرية المكتوبة بخط تلميذ المؤلف، والمقروءة على المصنف؛ وفيها خطه وخط الحافظ إبن حجر، مع إستكمالها ومقابلة بعضها بأجزاء في الدار أيضاً وبنسخة الخزانة الظاهرية بدمشق."--صفحة العنوان.</subfield>
  </datafield>
  <datafield tag="588" ind1=" " ind2=" ">
    <subfield code="a">الوصف يستند إلى الجزء الأول.</subfield>
  </datafield>
  <datafield tag="650" ind1=" " ind2="4">
    <subfield code="a">الحديث</subfield>
    <subfield code="v">اعمال قديمة حتى 1800.</subfield>
  </datafield>
  <datafield tag="650" ind1=" " ind2="0">
    <subfield code="a">Hadith</subfield>
    <subfield code="v">Early works to 1800.</subfield>
  </datafield>
  <datafield tag="700" ind1="1" ind2=" ">
    <subfield code="6">880-05</subfield>
    <subfield code="a">Ibn Ḥajar al-ʻAsqalānī, Aḥmad ibn ʻAlī,</subfield>
    <subfield code="d">1372-1449,</subfield>
    <subfield code="e">annotator.</subfield>
  </datafield>
  <datafield tag="700" ind1="1" ind2=" ">
    <subfield code="6">880-06</subfield>
    <subfield code="a">ʻIrāqī, ʻAbd al-Raḥīm ibn al-Ḥusayn,</subfield>
    <subfield code="d">1325-1404,</subfield>
    <subfield code="e">annotator.</subfield>
  </datafield>
  <datafield tag="852" ind1=" " ind2=" ">
    <subfield code="a">Jafet Library</subfield>
    <subfield code="e">American University of Beirut, Bliss Street , Beirut, Lebanon.</subfield>
  </datafield>
  <datafield tag="880" ind1="1" ind2=" ">
    <subfield code="6">100-01/(3/r</subfield>
    <subfield code="a">الهيثمي، نور الدين علي بن ابي بكر،</subfield>
    <subfield code="d">1335-1405،</subfield>
    <subfield code="e">مؤلف. </subfield>
    <subfield code="4">aut.</subfield>
  </datafield>
  <datafield tag="880" ind1="1" ind2="0">
    <subfield code="6">245-02/(3/r</subfield>
    <subfield code="a">مجمع الزوائد ومنبع الفوائد /</subfield>
    <subfield code="c">للحافظ نور الدين علي بن أبي بكر الهيثمي المتوفى سنة 807 ؛ بتحرير الحافظين الجليلين العراقي وإبن حجر</subfield>
  </datafield>
  <datafield tag="880" ind1=" " ind2="1">
    <subfield code="6">264-03/(3/r</subfield>
    <subfield code="a">القاهرة :</subfield>
    <subfield code="b">مكتبة القدسي،</subfield>
    <subfield code="c">1352-1353 هـ.، [1933-1934؟ م.]</subfield>
  </datafield>
  <datafield tag="880" ind1=" " ind2=" ">
    <subfield code="6">300-04/(3/r</subfield>
    <subfield code="a">10 أجزاء ؛</subfield>
    <subfield code="c">24 سم</subfield>
  </datafield>
  <datafield tag="880" ind1="1" ind2=" ">
    <subfield code="6">700-05/(3/r</subfield>
    <subfield code="a">ابن حجر العسقلاني، احمد بن علي،</subfield>
    <subfield code="d">1372-1449،</subfield>
    <subfield code="e">محقق. </subfield>
    <subfield code="4">ann.</subfield>
  </datafield>
  <datafield tag="880" ind1="1" ind2=" ">
    <subfield code="6">700-06/(3/r</subfield>
    <subfield code="a">العراقي، عبد الرحيم بن الحسين،</subfield>
    <subfield code="d">1325-1404،</subfield>
    <subfield code="e">محقق. </subfield>
    <subfield code="4">ann.</subfield>
  </datafield>
  <datafield tag="907" ind1=" " ind2=" ">
    <subfield code="a">.b12340479</subfield>
    <subfield code="b">16-09-06</subfield>
    <subfield code="c">11-05-24</subfield>
  </datafield>
  <datafield tag="907" ind1=" " ind2=" ">
    <subfield code="a">.b12340479</subfield>
    <subfield code="b">15-10-15</subfield>
    <subfield code="c">11-05-24</subfield>
  </datafield>
  <datafield tag="945" ind1=" " ind2=" ">
    <subfield code="f">J</subfield>
    <subfield code="a">297.08:H421mA:v.1:c.1</subfield>
    <subfield code="g">1</subfield>
    <subfield code="i">01004546</subfield>
    <subfield code="j">.i12778916</subfield>
    <subfield code="l">u0503</subfield>
  </datafield>
  <datafield tag="945" ind1=" " ind2=" ">
    <subfield code="f">J</subfield>
    <subfield code="a">297.08:H421mA:v.2:c.1</subfield>
    <subfield code="g">1</subfield>
    <subfield code="i">01004547</subfield>
    <subfield code="j">.i12778928</subfield>
    <subfield code="l">u0503</subfield>
  </datafield>
  <datafield tag="945" ind1=" " ind2=" ">
    <subfield code="f">J</subfield>
    <subfield code="a">297.08:H421mA:v.3:c.1</subfield>
    <subfield code="g">1</subfield>
    <subfield code="i">01004550</subfield>
    <subfield code="j">.i1277893x</subfield>
    <subfield code="l">u0503</subfield>
  </datafield>
  <datafield tag="945" ind1=" " ind2=" ">
    <subfield code="f">J</subfield>
    <subfield code="a">297.08:H421mA:v.4:c.1</subfield>
    <subfield code="g">1</subfield>
    <subfield code="i">01004552</subfield>
    <subfield code="j">.i12778941</subfield>
    <subfield code="l">u0503</subfield>
  </datafield>
  <datafield tag="945" ind1=" " ind2=" ">
    <subfield code="f">J</subfield>
    <subfield code="a">297.08:H421mA:v.5:c.1</subfield>
    <subfield code="g">1</subfield>
    <subfield code="i">01004554</subfield>
    <subfield code="j">.i12778953</subfield>
    <subfield code="l">u0503</subfield>
  </datafield>
  <datafield tag="945" ind1=" " ind2=" ">
    <subfield code="f">J</subfield>
    <subfield code="a">297.08:H421mA:v.6:c.1</subfield>
    <subfield code="g">1</subfield>
    <subfield code="i">01004556</subfield>
    <subfield code="j">.i12778965</subfield>
    <subfield code="l">u0503</subfield>
  </datafield>
  <datafield tag="945" ind1=" " ind2=" ">
    <subfield code="f">J</subfield>
    <subfield code="a">297.08:H421mA:v.7:c.1</subfield>
    <subfield code="g">1</subfield>
    <subfield code="i">01007451</subfield>
    <subfield code="j">.i12778977</subfield>
    <subfield code="l">u0503</subfield>
  </datafield>
  <datafield tag="945" ind1=" " ind2=" ">
    <subfield code="f">J</subfield>
    <subfield code="a">297.08:H421mA:v.8:c.1</subfield>
    <subfield code="g">1</subfield>
    <subfield code="i">01007452</subfield>
    <subfield code="j">.i12778989</subfield>
    <subfield code="l">u0503</subfield>
  </datafield>
  <datafield tag="945" ind1=" " ind2=" ">
    <subfield code="f">J</subfield>
    <subfield code="a">297.08:H421mA:v.9:c.1</subfield>
    <subfield code="g">1</subfield>
    <subfield code="i">01007453</subfield>
    <subfield code="j">.i12778990</subfield>
    <subfield code="l">u0503</subfield>
  </datafield>
  <datafield tag="945" ind1=" " ind2=" ">
    <subfield code="f">J</subfield>
    <subfield code="a">297.08:H421mA:v.10:c.1</subfield>
    <subfield code="g">1</subfield>
    <subfield code="i">01007454</subfield>
    <subfield code="j">.i12779003</subfield>
    <subfield code="l">u0503</subfield>
  </datafield>
  <datafield tag="998" ind1=" " ind2=" ">
    <subfield code="a">u05</subfield>
    <subfield code="b">97-02-10</subfield>
    <subfield code="c">m</subfield>
    <subfield code="d">a</subfield>
    <subfield code="e">-</subfield>
    <subfield code="f">ara</subfield>
    <subfield code="g">ua </subfield>
    <subfield code="h">0</subfield>
    <subfield code="i">10</subfield>
  </datafield>
</record>
</collection>
